@article{bellman:58,
  author = 	 {Richard E.~Bellman},
  title = 	 {On a routing problem},
  journal = 	 {Quarterly of Applied Mathematics},
  year = 	 {1958},
  volume = 	 {16},
  pages = 	 {87-90}
}

@TechReport{ford:56,
  author = 	 {Lester R.~Ford},
  title = 	 {Network Flow Theory},
  institution =  {RAND Corporation},
  year = 	 {1956},
  address = 	 {Santa Monica, California},
 }

@Book{wrede:2010,
  language  =    {english},
  author = 	 {Robert Wrede and Murray Spiegel},
  title = 	 {Advanced Calculus},
  publisher = 	 {The McGraw-Hill Companies},
  year = 	 {2010},
  edition = 	 {3rd},
}

@Book{rudin:1976,
  language =     {english},
  author = 	 {Walter Rudin},
  title = 	 {Principles of Mathematical Analysis},
  publisher = 	 {McGraw-Hill International},
  year = 	 {1976},
  edition =      {3rd}
}

@Book{courant:1937,
  language =     {english},
  author = 	 {Richard Courant},
  title = 	 {Differential and Integral Calculus},
  publisher = 	 {Blackie \& Son Limited},
  year = 	 {1937},
  volume = 	 {1},
  edition = 	 {2nd},
}

@Book{axler:1997,
  author = 	 {Sheldon Axler},
  title = 	 {Linear Algebra Done Right},
  publisher = 	 {Springer},
  year = 	 {1997},
  edition = 	 {2nd},
}

@Book{kowalsky:2003,
  author = 	 {Hans-Joachim Kowalsky},
  title = 	 {Lineare Algebra},
  publisher = 	 {deGruyter},
  year = 	 {2003},
  edition = 	 {12th}
}

@Book{fischer:2008,
  author = 	 {Gerd Fischer},
  title = 	 {Lineare Algebra},
  publisher = 	 {Vieweg+Teubner Verlag},
  year = 	 {2008},
  edition = 	 {16th}
}

@Book{meyer:1997,
  author = 	 {Jon Meyer and Troy Downing},
  title = 	 {Java Virtual Machine},
  publisher = 	 {O'Reilly},
  year = 	 {1997},
}

@ARTICLE{ziv:77,
    author = {Jacob Ziv and Abraham Lempel},
    title = {A universal algorithm for sequential data compression},
    journal = {IEEE Transactions on Information Theory},
    year = {1977},
    volume = {23},
    number = {3},
    pages = {337--343}
}

@article{ziv:78,
  author    = {Jacob Ziv and
               Abraham Lempel},
  title     = {Compression of Individual Sequences via Variable-Rate Coding},
  journal   = {IEEE Transactions on Information Theory},
  volume    = {24},
  number    = {5},
  year      = {1978},
  pages     = {530-536}
}

@article{welch:84,
  author    = {Terry A. Welch},
  title     = {A Technique for High-Performance Data Compression},
  journal   = {IEEE Computer},
  volume    = {17},
  number    = {6},
  year      = {1984},
  pages     = {8-19}
}

@TechReport{yaroslavskiy:2009,
  author = 	 {Vladimir Yaroslavskiy},
  title = 	 {Dual-Pivot Quicksort},
  institution =  {Mathematics and Mechanics Faculty, Saint-Petersburg State University},
  year = 	 {2009},
  note =         {\hspace*{\fill} This paper is available at \hspace*{\fill}  \texttt{http://iaroslavski.narod.ru/quicksort/DualPivotQuicksort.pdf}}
}

@book{mehlhorn:2008,
  author    = {Kurt Mehlhorn and Peter Sanders},
  title     = {Algorithms and Data Structures: The Basic Toolbox},
  publisher = {Springer},
  year      = {2008},
}

@article{cook:2011,
  author    = {Byron Cook and Andreas Podelski and Andrey Rybalchenko},
  title     = {Proving program termination},
  journal   = {Communications of the ACM},
  volume    = {54},
  number    = {5},
  year      = {2011},
  pages     = {88-98},
}
@INPROCEEDINGS{mueller:1996,
  author    = {Martin M{\"u}ller and Thomas Gla{\ss} and Karl Stroetmann},
  title     = {Automated Modular Termination Proofs for Real Prolog Programs},
  booktitle = {SAS},
  year      = {1996},
  pages     = {220-237},
  crossref  = {sas:1996},
}

@proceedings{sas:1996,
  editor    = {Radhia Cousot and David A. Schmidt},
  title     = {Static Analysis, Third International Symposium, SAS'96,
               Aachen, Germany, September 24-26, 1996, Proceedings},
  booktitle = {SAS},
  publisher = {Springer},
  series    = {Lecture Notes in Computer Science},
  volume    = {1145},
  year      = {1996},
}

@book{dasgupta:2008,
  author    = {Sanjoy Dasgupta and
               Christos H. Papadimitriou and
               Umesh V. Vazirani},
  title     = {Algorithms},
  publisher = {McGraw-Hill},
  year      = {2008},
}

@Book{milner:90,
  author = 	 {Robin Milner and Mads Tofte and Robert Harper},
  title = 	 {The Definition of Standard ML},
  publisher = 	 {MIT Press},
  year = 	 {1990},
}

@TechReport{sussman:75,
    author = {Gerald Jay Sussman and Guy L. Steele},
    title = {Scheme: An interpreter for extended lambda calculus},
    institution = {MIT AI LAB},
    year = {1975},
}

@TechReport{Wielemaker:2013,
    author = {Jan Wielemaker},
    title = {{SWI} {P}rolog  {R}eference {M}anual, {\em updated for version 6.2.6}},
    edition = {}, 
    institution = {Univesity of Amsterdam},
    year = {2013},
}

@Article{nerode:58,
  author = 	 {Anil Nerode},
  title = 	 {Linear automaton transformations},
  journal = 	 {Proceedings of the AMS},
  year = 	 {1958},
  volume = 	 {9},
  pages = 	 {541-544},
}

@Book{adams:1980,
  author = 	 {Douglas Adams},
  title = 	 {The Hitchhiker's Guide to the Galaxy},
  publisher = 	 {Harmony Books, New York},
  year = 	 {1980}
}

@Article{rosenlicht:72,
  language =     {english},
  author = 	 {Maxwell Rosenlicht},
  title = 	 {Integration in finite terms},
  journal = 	 {The American Mathematical Monthly},
  year = 	 {1972},
  volume = 	 {79},
  number = 	 {9},
  pages = 	 {963-972},
  month = 	 {November},
}

@Article{dowell:1971,
  language =     {english},
  author = 	 {Dowell, M. and Jarrat, P.},
  title = 	 {A modified regula falsi method for computing the root of an equation},
  journal = 	 {BIT Numerical Mathematics},
  year = 	 {1971},
  volume = 	 {11},
  number = 	 {2},
  pages = 	 {168-174},
}

@Book{heuser:2003,
  language =     {german},
  author = 	 {Harro Heuser},
  title = 	 {Lehrbuch der Analysis, Teil 1},
  publisher = 	 {Teubner Verlag},
  year = 	 {2003},
  edition = 	 {15te},
}

@Book{heuser:2008,
  language =     {german},
  author = 	 {Harro Heuser},
  title = 	 {Lehrbuch der Analysis, Teil 2},
  publisher = 	 {Teubner Verlag},
  year = 	 {2008},
  edition = 	 {14te},
}

@Book{forster:2011,
  language =     {german},
  author = 	 {Otto Forster},
  title = 	 {Analysis I, Differential- und Integralrechnung einer Ver\"{a}nderlichen},
  publisher = 	 {Vieweg \& Teubner},
  year = 	 {2011},
  edition = 	 {11te},
}

@book{grauert:1967,
  language =     {german},
  author = {Hans Grauert and Ingo Lieb},
  publisher = {Springer},
  title = {Differential- und Integralrechnung I},
  year = 1967
}

@Book{landau:1930,
  language =     {german},
  author = 	 {Edmund Landau},
  title = 	 {Grundlagen der Analysis},
  publisher = 	 {Akademische Verlagsgesellschaft},
  year = 	 {1930},
  note = 	 {http://www.scribd.com/doc/2452802/Landau-Edmund-Grundlagen-der-Analysis},
}

@Book{dedekind:1872,
  language =     {german},
  author = 	 {Richard Dedekind},
  title = 	 {Stetigkeit und irrationale Zahlen},
  publisher = 	 {Friedrich Vieweg und Sohn},
  year = 	 {1872},
  annote = 	 {http://books.google.de/books?id=n-43AAAAMAAJ}
}

@Book{dedekind:1901,
  language =     {english},
  author = 	 {Richard Dedekind},
  title = 	 {Essays on the Theory of Numbers},
  publisher = 	 {The Open Court Publishing Company},
  year = 	 {1901},
}

@Book{flanagan:2008,
  author = 	 {David Flanagan and Yukihiro Matsumoto},
  title = 	 {The Ruby Programming Language},
  publisher = 	 {O'Reilly},
  year = 	 {2008},
}

@TechReport{vanRossum:95,
  author = 	 {Guido van Rossum},
  title = 	 {Python Tutorial},
  institution =  {Centrum Wiskunde \& Informatica, Amsterdam},
  year = 	 {1995},
  key = 	 {CS-R9526},
}

@Article{younger:1967,
  author = 	 {Daniel H. Younger},
  title = 	 {Recognition and parsing of context-free languages in time $n^3$},
  journal = 	 {Information and Control},
  year = 	 {1967},
  volume = 	 {10},
  number = 	 {2},
  pages = 	 {189-208},
}

@TechReport{kasami:1965,
  author = 	 {Tadao Kasami},
  title = 	 {An efficient recognition and syntax-analysis algorithm for context-free languages},
  institution =  {Air Force Cambridge Research Lab, Bedford, MA},
  year = 	 {1965},
  key = 	 {Scientific report AFCRL-65-758},
}

@TechReport{cocke:1970,
  author = 	 {John Cocke and Jacob T. Schwartz},
  title = 	 {Programming Languages and Their Compilers: Preliminary notes},
  institution =  {Courant Institute of Mathematical Sciences, New York University},
  year = 	 {1970},
}


@TechReport{schwartz:1970,
  author = 	 {Jacob T. Schwartz},
  title = 	 {Set Theory as a Language for Program Specification and Programming},
  institution =  {Courant Institute of Mathematical Sciences, New York University},
  year = 	 {1970},
}

@book{mundhenk:2006,
  title={Mathematische Grundlagen der Informatik: Mathematisches Denken und Beweisen; 
         eine Einf{\"u}hrung},
  author={Christoph Meinel and Martin Mundhenk},
  series={Lehrbuch Informatik},
  year={2006},
  publisher={Vieweg+Teubner},
  edition = {{Vierte Auflage}}
}


@book{schubert:2007,
  title={Mathematik f{\"u}r Informatiker},
  author={Matthias Schubert},
  year={2007},
  publisher={Vieweg+Teubner}
}

@Book{hartmann:2006,
  author = 	 {Peter Hartmann},
  title = 	 {Mathematik für Informatiker: Ein praxisbezogenes Lehrbuch},
  publisher = 	 {Vieweg Verlag},
  year = 	 {2006},
  edition = 	 {{Vierte Auflage}},
}

@book{teschl:2008a,
  author = {Teschl, Gerald and Teschl, Susanne},
  edition = {{Dritte Auflage}},
  editor = {Berlin, Springer},
  publisher = {Springer Verlag},
  title = {Mathematik für Informatiker: Band 1: Diskrete Mathematik und Lineare Algebra},
  year = 2008
}

@Article{rivest:78,
  author = 	 {R. L. Rivest and A. Shamir and L. Adleman},
  title = 	 {A {M}ethod for {O}btaining {D}igital {S}ignatures and {P}ublic-{K}ey {C}rypto-{S}ystems},
  journal = 	 {Communications of the ACM},
  year = 	 {1978},
  volume = 	 {21},
  number = 	 {2},
  pages = 	 {120-126},
}

@article{mccune:1997,
 author = {William McCune},
 title = {Solution of the Robbins Problem},
 journal = {Journal of Automated Reasoning},
 volume = {19},
 issue = {3},
 month = {December},
 year = {1997},
 issn = {0168-7433},
 pages = {263--276},
 numpages = {14},
 doi = {10.1023/A:1005843212881},
 acmid = {594206},
 publisher = {Springer-Verlag New York, Inc.},
} 


@unpublished{mccune:2010,
    author = "William McCune",
    title = "{P}rover9 and {M}ace4",
    note = "\verb|http://www.cs.unm.edu/~mccune/prover9/|",
    year = "2005--2010"
}

@article{Morell:2003:RP:770818.770849,
 author = {Larry Morell and David Middleton},
 title = {Recursive-ascent parsing},
 journal = {Journal of Computing Sciences in Colleges},
 issue_date = {June 2003},
 volume = {18},
 issue = {6},
 month = {June},
 year = {2003},
 pages = {186--201},
 url = {http://portal.acm.org/citation.cfm?id=770818.770849},
 acmid = {770849},
 publisher = {Consortium for Computing Sciences in Colleges},
 address = {USA},
} 

@article{Sperber:2000:GLP:349214.349219,
 author = {Sperber, Michael and Thiemann, Peter},
 title = {Generation of LR parsers by partial evaluation},
 journal = {ACM Trans. Program. Lang. Syst.},
 volume = {22},
 issue = {2},
 month = {March},
 year = {2000},
 issn = {0164-0925},
 pages = {224--264},
 numpages = {41},
 url = {http://doi.acm.org/10.1145/349214.349219},
 doi = {http://doi.acm.org/10.1145/349214.349219},
 acmid = {349219},
 publisher = {ACM},
 address = {New York, NY, USA},
 keywords = {LR parsing, continuations, functional programming, parser generation, partial evaluation},
} 

@Book{GrKnPa:94,
  author =	{Ronald L. Graham and Donald E. Knuth and Oren Patashnik},
  title =	{Concrete Mathematics},
  year = 	{1994},
  publisher =	{Addison-Wesley},
  edition =      {2nd}, 
  address =	{Boston},
}

@Book{sipser:1996,
  author = 	 {Michael Sipser},
  title = 	 {Introduction to the Theory of Computation},
  publisher = 	 {PWS Publishing Company},
  year = 	 {1996}
}

@phdthesis{earley:68,
    author = {Jay C. Earley},
    title = {An efficient context-free parsing algorithm},
    year = {1968},
    school = {Carnegie Mellon University},
    address = {Pittsburgh, PA, USA},
}

@article{earley:70,
  author    = {Jay C. Earley},
  title     = {An Efficient Context-Free Parsing Algorithm},
  journal   = {Communications of the ACM},
  volume    = {13},
  number    = {2},
  year      = {1970},
  pages     = {94-102},
}

@article{ershov:58,
 author = {Ershov, A. P.},
 title = {On programming of arithmetic operations},
 journal = {Commun. ACM},
 volume = {1},
 number = {8},
 year = {1958},
 issn = {0001-0782},
 pages = {3--6},
 doi = {http://doi.acm.org/10.1145/368892.368907},
 publisher = {ACM},
 address = {New York, NY, USA},
}

@Book{Wall92,
  author =	"Larry Wall and Randal L.~Schwartz",
  title =	"Programming Perl.",
  publisher =	"O'Reilly and Assoc.",
  year = 	"1992",
  keywords =	"Perl, book, text, string processing, programming
		 language, computing, c1992, c199x, c19xx",
}

@Book{ierusalimschy:2006,
  author = 	 {Roberto Ierusalimschy},
  title = 	 {Programming in Lua},
  publisher = 	 {Lua.Org},
  year = 	 {2006},
  edition = 	 {2nd},
}

@article{Ieru96a,
  author =	"Roberto Ierusalimschy and Luiz Henrique de Figueiredo
		 and Waldemar Celes Filho",
  journal =	"Software: Practice and Experience",
  number =	"6",
  pages =	"635--652",
  title =	"Lua --- an Extensible Extension Language",
  volume =	"26",
  year = 	"1996",
}

@Article{akra:1998,
  author = 	 {Mohamad Akra and Louay Bazzi},
  title = 	 {On the Solution of Linear Recurrence Equations},
  journal = 	 {Computational Optimization and Applications},
  year = 	 {1998},
  volume = 	 {10},
  number = 	 {2},
  pages = 	 {195-210}
}

@Article{rice:53,
  author =	"Henry G. Rice",
  title =	"Classes of Recursively Enumerable Sets and their
		 Decision problems",
  year = 	"1953",
  journal =	"Transactions of the American Mathematical Society",
  volume =	"83",
}

@Article{turing:36,
  author =	"Alan M. Turing",
  title =	"On computable numbers, with an application to the
		 ``{E}ntscheidungsproblem''",
  journal =	"Proceedings of the London Mathematical Society",
  year = 	"1936",
  volume =	"42",
  number =	"2",
  pages =	"230--265",
}


@Book{stroetmann:logic11,
  author = 	 {Karl Stroetmann},
  title = 	 {Computer Science \texttt{I}: Logic and Set Theory},
  publisher =    {DHBW Stuttgart},
  year = 	 {2011}
}

@Book{stroetmann:2007,
  author = 	 {Karl Stroetmann},
  title = 	 {Computer-Architektur: Modellierung, Entwicklung und Verifikation mit Verilog},
  publisher = 	 {Oldenbourg-Verlag},
  year = 	 {2007},
}
@Article{martelliMontanari:82,
  title =	"An Efficient Unification Algorithm",
  author =	"A. Martelli and U. Montanari",
  journal =	"ACM Transactions on Programming Languages and
		 Systems",
  volume =	"4",
  number =	"2",
  year = 	"1982",
  pages =	"258--282",
}
@Manual{gosling:96,
  author =	"James Gosling and Bill Joy and Guy Steele",
  title =	"The {Java}$^{TM}$ Language Specification",
  month =	aug,
  added-by =	"sti",
  URL =  	"http://java.sun.com/doc/language_specification.html",
  note = 	"appeared also as book with same title in
		 Addison-Wesleys 'The Java Series'",
  keywords =	"java, language, interpreter",
  edition =	"1.0",
  organization = "Sun Microsystems",
  year = 	"1996",
}
@InBook{barwise:1991a,
  author = 	 {Jon Barwise},
  title = 	 {First-Order Logic},
  chapter = 	 {1 in \cite{barwise:1991}},
  publisher = 	 {North Holland},
  year = 	 {1991}
}
@Book{barwise:1991,
  editor = 	 {Jon Barwise},
  title = 	 {Handbook of Mathematical Logic},
  publisher = 	 {North Holland},
  year = 	 {1991}
}
@misc{hudson:1999,
  author = "Scott E. Hudson and Frank Flannery and C. Scott
		 Ananian and Dan Wang and Andrew W. Appel",
  title  = "\textsc{CUP} \texttt{-} {LALR} Parser Generator for \textsl{Java}",
  year   = "1999",
  note   = "Available at \hspace*{\fill} \\ 
            \texttt{http://www.cs.princeton.edu/\symbol{126}appel/modern/java/CUP/manual.html}"
}
@TechReport{klein:2009,
  author = "Gerwin Klein",
  title  = "{JFlex User's Manual: Version 1.4.3}",
  year   = "2009",
  institution = {Technische Universit\"at M\"unchen},
  note   = "Available at: \texttt{http://jflex.de/jflex.pdf}",
}
@Article{cantor:1895,
  author =      {Georg Cantor},
  title =      {Beiträge zur {B}egründung der transfiniten {M}engenlehre},
  journal =      {Mathematische Annalen},
  year =      {1895},
  volume =      {46},
  pages =      {481--512}
}
@Article{knuth:65,
  title =    "On the Translation of Languages from Left to Right",
  author =    "Donald E. Knuth",
  journal =    "Information and Control",
  year =     "1965",
  month =    dec,
  number =    "6",
  volume =    "8",
  pages =    "607--639",
}


@article{deRemer:71,
 author  = {Franklin L. DeRemer},
 title   = "Simple {LR}(k) grammars",
 journal = {Communications of the ACM},
 volume  = {14},
 number  = {7},
 year    = {1971},
 pages   = {453--460},
 address = {New York, NY, USA},
 }
@article{deRemer:82,
 author    = {Franklin DeRemer and Thomas Pennello},
 title     = "Efficient Computation of {L}{A}{L}{R}(1) Look-Ahead Sets",
 journal   = {ACM Transactions on Programming Languages and Systems},
 volume    = {4},
 number    = {4},
 year      = {1982},
 pages     = {615--649},
 publisher = {ACM},
}
@Article{kodaganallur:2004,
  title =    "Incorporating Language Processing into Java Applications: {A} {J}ava{CC} Tutorial",
  author =    "Viswanathan Kodaganallur",
  journal =    "IEEE Software",
  year =     "2004",
  number =    "4",
  volume =    "21",
  pages =    "70--77",
}
@article{salomaa:66,
  author    = {Arto Salomaa},
  title     = {Two Complete Axiom Systems for the Algebra of Regular Events},
  journal   = {Journal of the ACM},
  volume    = {13},
  number    = {1},
  year      = {1966},
  pages     = {158-169}
}
@InProceedings{backus:1959,
  title =    "The syntax and semantics of the proposed international
         algebraic language of the Zurich {ACM}-{GAMM}
         Conference",
  author =    "John W. Backus",
  year =     "1959",
  booktitle =    "IFIP Congress",
  pages =    "125--131",
}
@Article{naur:1960,
  author =    "P. Naur and J. W. Backus and F. L. Bauer and J.
         Green and C. Katz and J. MacCarthy and A. J. Perlis and
         H. Rutishauser and K. Samelson and B. Vauquois and J.
         H. Wegstein and A. van Wijngaarden and M. Woodger",
  title =    "Report on the algorithmic language {Algol 60}",
  journal =    "Numerische Mathematik",
  volume =    "2",
  pages =    "106--136",
  year =     "1960",
}
@Article{barhillel:1961,
  author =    "Yehoshua Bar-Hillel and Micha A. Perles and Eli Shamir",
  title =    "On Formal Properties of Simple Phrase Structure
         Grammars",
  journal =    "Zeitschrift f{\"u}r Phonologie, Sprachwissenschaft und
         Kommunikationsforschung",
  year =     "1961",
  volume =    "14",
  pages =    "113--124",
}
@TechReport{lesk:1975,
  key =      "Lesk",
  title =    "Lex -- {A} Lexical Analyzer Generator",
  author =    "Michael E. Lesk",
  institution = "Bell Laboratories",
  address =    "Murray Hill, New Jersey",
  type =     "Comp. Sci. Tech. Rep. No.",
  number =    "39",
  year =     "1975",
}
@InProceedings{kleene:1956,
  author =    "Stephen C. Kleene",
  title =    "Representation of events in nerve nets and finite
         automata",
  booktitle =    "Automata studies",
  pages =    "3--40",
  year =     "1956",
  editor =    "C. E. Shannon and J. McCarthy",
  publisher =    "Princeton University Press",
}
@Book{friedl:2006,
  author =    "Jeffrey E. F. Friedl",
  title =    "Mastering Regular Expressions",
  publisher =    "O'Reilly \& Associates",
  year =     "2006",
  edition =    "{3rd}",
}
@Book{dougherty:1997,
  author =    "Dale Dougherty and Arnold Robbins",
  title =    "{\tt sed} and {\tt awk}",
  publisher =    "O'Reilly \& {Associates, Inc.}",
  edition =    "{2nd}",
  year =     "1997",
}
@book{parr:2012,
  author =      {Terence Parr},
  title =      {The Definitive {ANTLR} 4 Reference},
  publisher =      {Pragmatic Bookshelf},
  year =      {2012},
}
@book{parr:2007,
  author =      {Terence Parr},
  title =      {The Definitive {ANTLR} Reference},
  publisher =      {Pragmatic Bookshelf},
  year =      {2007},
}

@TechReport{parr:2013,
  author = 	 {Terence Parr and Sam Harwell and Kathleen Fisher},
  title = 	 {Adaptive {LL(*)} Parsing},
  institution =  {University of San Francisco},
  year = 	 {2013},
  month = 	 {June},
}

@Book{hopcroft:79,
  author = 	 {John E. Hopcroft and Jeffrey D. Ullman},
  title = 	 {Introduction to Automata Theory, Languages, and Computation},
  publisher = 	 {Addison-Wesley},
  year = 	 {1979},
  edition = 	 {2nd},
}

@Book{hopcroft:06,
  author =    "John E. Hopcroft and Rajeev Motwani and Jeffrey D. Ullman",
  title =    "Introduction to Automata Theory, Languages, and Computation",
  publisher =    "Addison-Wesley",
  EDITION   =   {3rd},
  year =     "2006",
}
@Article{chomsky:56,
  author  =    "Noam Chomsky",
  year    =    "1956",
  title   =    "Three models for the description of language",
  journal =    "IRE Transactions on Information Theory",
  volume  =    "2",
  number  =    "3",
  pages   =    "113--124",
}
@Article{chomsky:1959,
  author  = "Noam Chomsky",
  title   = "On certain formal properties of grammars",
  journal = "Information and Control",
  year    = "1959",
  volume  = "2",
  number  = "2",
  pages   = "137--167",
}
@INPROCEEDINGS{moore:59,
  AUTHOR = {Edward F. Moore},
  TITLE = {The shortest path through a maze},
  BOOKTITLE = {Proceedings of the International Symposium on the Theory of Switching},
  YEAR = {1959},
  PUBLISHER = {Harvard University Press},
  PAGES = {285--292}
}



@Article{hoare:69,
  author = 	 {C.~Antony R.~Hoare},
  title = 	 {An axiomatic basis for computer programming},
  journal = 	 {Communications of the ACM},
  year = 	 {1969},
  volume = 	 {12},
  number = 	 {10},
  pages = 	 {576--580}
}

@Article{hoare:61,
  author =    "C.~Antony R.~Hoare",
  title =    "Algorithm 64: Quicksort",
  year =     "1961",
  journal =    "Communications of the {ACM}",
  volume =    "4",
  pages =    "321",
  date =     "1961",
}
@Article{dijkstra:59,
  author =      {Edsger W. Dijkstra},
  title =      {A note on two problems in connexion with graphs},
  journal =      {Numerische Mathematik},
  year =      {1959},
  volume =      {1},
  pages =      {269--271},
}

@InProceedings{briandais:59,
  author =      {Ren{\'e} de la Briandais},
  title =      {File {S}earching {U}sing {V}ariable {L}ength {K}eys},
  booktitle =      {Proceedings of the Western Joint Computer Conference},
  pages =      {195--298},
  year =      {1959}
}
@Article{adelson:62,
  author  =      {Georgii M.~Adel'son-Vel'ski\u{\i} and Evgenii M. Landis},
  title   =      {An Algorithm for the organization of Information},
  journal =      {Soviet Mathematics Doklady},
  year    =      {1962},
  volume  =      {3},
  pages   =      {1259-1263},
}
@article{huffman:52,
    author   = {David A.~Huffman },
    journal  = {Proceedings of the IRE},
    number   = {9},
    pages    = {1098--1101},
    title    = {A {M}ethod for the {C}onstruction of {M}inimum-{R}edundancy {C}odes},
    volume   = {40},
    year     = {1952}
}
@article{katajainen:96,
    author = "Jyrki Katajainen and Tomi Pasanen and Jukka Teuhola",
    title = "Practical {I}n-{P}lace {M}ergesort",
    journal = "Nordic Journal of Computing",
    volume = "3",
    number = "1",
    month = "Spring",
    pages = "27--40",
    year = "1996"
}
@book{gumm:2006, 
   AUTHOR    = {Hans-Peter Gumm and Manfred Sommer},
   TITLE     = {Einführung in die Informatik},
   PUBLISHER = {Oldenbourg-Verlag},
   YEAR      = {2006},
   EDITION   = {7th}
}
@book{gumm:2013, 
   AUTHOR    = {Hans-Peter Gumm and Manfred Sommer},
   TITLE     = {Einführung in die Informatik},
   PUBLISHER = {Oldenbourg-Verlag},
   YEAR      = {2013},
   EDITION   = {10th}
}
@book{horstmann:2005a,
   author = {Cay S. Horstmann and Gary Cornell},
   title = {Core Java 2: Volume I --- Fundamentals Features},
   year = {2005},
   edition = {7th},
   isbn = {0-13-148202-5},
   publisher = {Prentice Hall PTR},
   address = {Upper Saddle River, NJ, USA},
}
@book{horstmann:2005b,
 author = {Cay S. Horstmann and Gary Cornell},
 title = {Core Java 2: Volume II --- Advanced Features},
 year = {2005},
 isbn = {0-13-111826-9},
 publisher = {Prentice Hall PTR},
 address = {Upper Saddle River, NJ, USA},
}
@Book{freedman:98,
  author =    "David Freedman and Robert Pisani and Roger Purves",
  title =    "Statistics",
  edition =    "3rd",
  publisher =    "W.~W.~Norton \& Company, New York",
  year =     "1998"
}
@Book{spiegel:2000,
  author =    "Murray R. Spiegel and John and Schiller R.~Alu Srinivasan",
  title =    "Probability and Statistics",
  publisher =    "McGraw-Hill; New York",
  year =     "2000"
}
@article{bentley:93,
    author  = "Jon Louis Bentley and M. Douglas McIlroy",
    title   = "Engineering a Sort Function",
    journal = "Software - Practice and Experience",
    volume  = "23",
    number  = "11",
    pages   = "1249-1265",
    year    = "1993"
}
@Book{gross:1985,
  author =      {Donald Gross and Carl M. Harris},
  title =      {Fundamentals of Queueing Theory},
  publisher =      {Wiley},
  year =      {1985},
}
@Book{ross:2004,
  author =      {Sheldon M.~Ross},
  title =      {Introduction to Probability and Statistics for Engineers and Scientists},
  publisher =      {Elsevier Academic Press},
  year =      {2004},
}

@Book{lutz:09,
  author = 	 {Mark Lutz},
  title = 	 {Learning Python},
  publisher = 	 {O'Reilly},
  year = 	 {2009},
  edition = 	 {4th}
}

@book{grinstead:97,
    author = {Grinstead, Charles  M.  and Snell, Laurie  J.},
    publisher = {{American Mathematical Society}},
    title = {Introduction to Probability},
    year = {1997},
        note =      {Available at \texttt{http://www.dartmouth.edu/\symbol{126}prob/prob/prob.pdf}}
}
@article{kahan:1965,
  author =    "William H.~Kahan",
  title =    "Further Remarks on Reducing Truncation Errors",
  journal =    "CACM",
  volume =    "8",
  number =    "1",
  pages =    "40",
  year =     "1965",
}
@TechReport{kahan:96,
  author =      {William Kahan},
  title =      {The Improbability of Probabilistic Error Analyses for Numerical Computations},
  institution =  {UC Berkeley, Department of  Electrical Engineering and Computer Sciences},
  year =      {1996},
  note =      {Available at \texttt{www.cs.berkeley.edu/\symbol{126}wkahan/improber.pdf}},
}
@book{knuth:1998b,
 author = {Knuth, Donald E.},
 title = {The Art of Computer Programming,  Volume 3: (2nd ed.) Sorting and Searching},
 year = {1998},
 isbn = {0-201-89685-0},
 publisher = {Addison Wesley Longman Publishing Co., Inc.},
 address = {Redwood City, CA, USA},
} 
@Book{knuth:1998,
  author =    "Donald E. Knuth",
  title =    "The Art of Computer Programming, Volume 2,
         Seminumerical Algorithms",
  edition =    "3rd",
  publisher =    "Ad{\-d}i{\-s}on-Wes{\-l}ey",
  address =    "Reading, MA, USA",
  year =     "1998",
  pages =    "xiii+762",
  ISBN =     "0-201-89684-2",
}
@Book{knuth:1997,
  author =    "Donald E. Knuth",
  title =    "The Art of Computer Programming, Volume 1,
         Fundamental Algorithms",
  edition =    "3rd",
  publisher =    "Ad{\-d}i{\-s}on-Wes{\-l}ey",
  address =    "Reading, MA, USA",
  year =     "1997",
}
@book{press:92,
    author = {William H. Press and Brian P. Flannery and Saul A. Teukolsky and William T. Vetterling},
    publisher = {{Cambridge University Press}},
    title = {Numerical Recipes in C : The Art of Scientific Computing},
    note = {Available online at \texttt{http://www.library.cornell.edu/nr/bookcpdf.html}},
    year = {1992}
}

@Book{cormen:01,
  author =      {Thomas H.~Cormen and Charles E.~Leiserson and Ronal L.~Rivest and Clifford Stein},
  title =       {Introduction to Algorithms},
  publisher =   {MIT Press},
  edition = 	{second},
  year =        {2001},
}

@Book{cormen:09,
  author =      {Thomas H.~Cormen and Charles E.~Leiserson and Ronal L.~Rivest and Clifford Stein},
  title =       {Introduction to Algorithms},
  publisher =   {MIT Press},
  edition = 	{third},
  year =        {2009},
}

@article{polhill:05,
    author = "J. Gary Polhill and Luis R. Izquierdo and Nicholas M. Gotts",
    title = "The Ghost in the Model (and Other Effects of Floating Point Arithmetic)",
    journal = "Journal of Artificial Societies and Social Simulation",
    volume = "8",
    number = "1",
    year = "2005",
    note = "Available from \texttt{http://jasss.soc.surrey.ac.uk/8/1/5.html}",
}
   
@article{goldberg:91,
    language =     {english},
    author = "David Goldberg",
    title = "What Every Computer Scientist Should Know About Floating-Point Arithmetic",
    journal = "ACM Computing Surveys",
    volume = "23",
    number = "1",
    pages = "5--48",
    year = "1991",
    note = "Available from \texttt{http://www.validlab.com/goldberg/paper.ps}",
}
@Manual{IEEE:754,
  author =       "IEEE Task P754",
  title =        "{IEEE} 754-1985, Standard for Binary Floating-Point Arithmetic",
  organization = "IEEE, New York",
  pages =        "18",
  year =         "1985",
  note =         "Available from \texttt{http://grouper.ieee.org/groups/754/}",
}
@Book{patterson:2004,
  author =    "D. A. Patterson and J. L. Hennessy",
  publisher =    "Morgan-Kaufmann",
  title =    "Computer Organization and Design",
  edition =    "3rd",
  address =    "San Franciso",
  year =     "2004",
}
@book{barth:98,
  author =    "Barth, Friederich and Haller, Rudolf",
  publisher =    "Oldenbourg Verlag",
  title =    "Stochastik Leistungskurs",
  address =    "München",
  year =     "1998",
}
@Book{papula:99,
  author =      {Lothar Papula},
  title =      {Mathematik für Ingenieure und Naturwissenschaftler},
  publisher =      {Vieweg},
  year =      {1999},
}
@book{lee:2002,
  author =    "James M.~Lee",
  publisher =    "Kluwer Academic Publishers",
  title =    "Verilog QuickStart: A Practical Gide to Simulation and Synthesis in Verilog",
  edition =    "3rd",
  year =     "2002",
}
@book{palnitkar:2003,
  author =    "Samir Palnitkar",
  title =    "{Verilog HDL}: {A} Guide to Digital Design and Synthesis",
  publisher =    "Sun Microsystems Press",
  address =    "Palo Alto, CA, USA",
  year =     "2003",
  edition =     "3rd",
}
@Article{gurevich:91,
  author =      {Yuri Gurevich},
  title =      {Evolving Algebras},
  journal =      {Bull.~EATCS},
  year =      {1991},
  volume =      {43},
  pages =      {264-284},
}
@book{tanenbaum:2005,
  author =    "Andrew S. Tanenbaum",
  title =    "Structured Computer Organization",
  publisher =    "Prentice-Hall",
  address =    "Upper Saddle River, NJ",
  edition =     "5th",
  year =     "2005",
}

@InProceedings{guibas:78,
  author = 	 {Leonidas L. Guibas and Robert Sedgewick},
  title = 	 {A dichromatic framework for balanced trees},
  year = 	 {1978},
  booktitle =    {19th Annual Symposium on the Foundations of Computer Science},
  pages =        {8--21},
  publisher = {IEEE},
}

@Book{sedgewick:92,
  author =      {Robert Sedgewick},
  title =      {Algorithms in \texttt{C}},
  publisher =      {Addison-Wesley},
  year =      {1992},
}
@Book{sedgewick:2011,
  author =      {Robert Sedgewick and Kevin Wayne},
  title =      {Algorithms in \textsl{Java}},
  publisher =      {Pearson},
  edition =     "4th",
  year =      {2011},
}

@Book{sedgewick:02,
  author =      {Robert Sedgewick},
  title =      {Algorithms in \textsl{Java}},
  publisher =      {Pearson},
  year =      {2002},
}

@Book{aziz:10,
  author = 	 {Adnan Aziz and Amit Prakash},
  title = 	 {Algorithms for Interviews},
  publisher = 	 {CreateSpace Independent Publishing Platform},
  year = 	 {2010},
}

@Book{sedgewick:11,
  author = 	 {Robert Sedgewick and Kevin Wayne},
  title = 	 {Algorithms},
  publisher = 	 {Addison-Wesley},
  year = 	 {2011},
  edition = 	 {4th},
}

@book{setl86,
 author = {J. T. Schwartz and R. B. Dewar and E. Schonberg and E. Dubinsky},
 title = {Programming With Sets: An Introduction to SETL},
 year = {1986},
 isbn = {0-387-96399-5},
 publisher = {Springer-Verlag},
 }
@TechReport{dewar79,
 author = {Robert B. K. Dewar and Robert Hummel},
 title = {A Gentle Introduction to the {SETL2} Programming language},
 year = {1990},
 note = {Available at: \\ \texttt{ftp://cs.nyu.edu/pub/languages/setl2/doc/2.2/intro.ps}}
 }
@book{stroustrup,
 author = {Bjarne Stroustrup},
 title = {The  C++ Programming Language},
 year = {2000},
 isbn = {0201700735},
 publisher = {Addison-Wesley Longman Publishing Co., Inc.},
 address = {Boston, MA, USA},
 }
@Book{asmbook03,
  author =     {E. B{\"o}rger and R. F. St{\"a}rk},
  title =     {Abstract State Machines---A Method for High-Level
                  System Design and Analysis},
  publisher =     {Springer-Verlag},
  year =     {2003}
}
@article{davis62,
 author = {Martin Davis and George Logemann and Donald Loveland},
 title = {A machine program for theorem-proving},
 journal = {Communications of the ACM},
 volume = {5},
 number = {7},
 year = {1962},
 issn = {0001-0782},
 pages = {394--397},
 publisher = {ACM Press},
 address = {New York, NY, USA},
}
@inproceedings{zhang01,
 author = {Lintao Zhang and Conor F. Madigan and Matthew H. Moskewicz and Sharad Malik},
 title = {Efficient conflict driven learning in a boolean satisfiability solver},
 booktitle = {ICCAD '01: Proceedings of the 2001 IEEE/ACM international conference on Computer-aided design},
 year = {2001},
 isbn = {0-7803-7249-2},
 pages = {279--285},
 location = {San Jose, California},
 publisher = {IEEE Press},
 address = {Piscataway, NJ, USA},
 }
@article{silva99,
 author = {{Jo\~{a}o} P. Marques-Silva and Karem A. Sakallah},
 title = {GRASP: A Search Algorithm for Propositional Satisfiability},
 journal = {IEEE Trans. Comput.},
 volume = {48},
 number = {5},
 year = {1999},
 issn = {0018-9340},
 pages = {506--521},
 publisher = {IEEE Computer Society},
 address = {Washington, DC, USA},
}
@inproceedings{moskewicz01,
    author = "Matthew W. Moskewicz and Conor F. Madigan and Ying Zhao and Lintao Zhang and Sharad Malik",
    title = "{Chaff: Engineering an Efficient {SAT} Solver}",
    booktitle = "Proceedings of the 38th Design Automation Conference ({DAC}'01)",
    year = "2001",
    url = "http://www.princeton.edu/\symbol{126}chaff/publication/DAC2001v56.pdf",
}
@article{parr95antlr,
    author = "Terence J. Parr and Russell W. Quong",
    title = "{ANTLR}: {A} Predicated-{LL}(k) Parser Generator",
    journal = "Software --- Practice and Experience",
    volume = "25",
    number = "7",
    pages = "789--810",
    year = "1995",
    url = "citeseer.ist.psu.edu/parr95antlr.html" }
@Book{aho:2006,
  author =    "Alfred V. Aho and Ravi Sethi and Jeffrey D. Ullman and Monica S. Lam",
  title =    "Compilers --- Principles, Techniques, and Tools",
  publisher =    "Addison-Wesley",
  year =     "2006",
  edition =     "2nd",
  keywords =    "COMPILERS",
}
@Book{Aho86,
  author =    "Alfred V. Aho and Ravi Sethi and Jeffrey D. Ullman",
  title =    "Compilers, Principles, Techniques, and Tools",
  publisher =    "Addison-Wesley",
  ISBN =    "0-201-10088-6",
  year =     "1986",
  keywords =    "COMPILERS",
}
@Book{aho:72,
  author =      {Alfred V.~Aho and Jeffrey D.~Ullman},
  title =      {The Theory of Parsing, Translation, and Compiling: Volume \texttt{I}: Parsing},
  publisher =      {Prentice-Hall},
  year =      {1972},
}
@Book{aho:74,
  author =      {Alfred V.~Aho and John E.~Hopcraft and Jeffrey D.~Ullman},
  title =      {The Design and Analysis of Computer Algorithms},
  publisher =      {Addison-Wesley},
  year =      {1974},
}
@Book{aho:87,
  author =      {Alfred V.~Aho and John E.~Hopcraft and Jeffrey D.~Ullman},
  title =      {Data Structures and Algorithms},
  publisher =      {Addison-Wesley},
  year =      {1987},
}
@Book{boerger:2003,
  author =      {Egon Börger and Robert Stärk},
  title =      {Abstract State Machines},
  publisher =      {Springer-Verlag},
  year =      {2003},
}
@Book{carrano:95,
  author =      {Frank M.~Carrano},
  title =      {Data Abstraction and Problem Solving with \texttt{C++}},
  publisher =      {Benjamin/Cummings Publishing Company},
  year =      {1995},
}
@Book{carrano:02,
  author =      {Frank M.~Carrano and Janet J. Prichard},
  title =      {Data Abstraction and Problem Solving with \textsl{Java}},
  publisher =      {Prentice Hall},
  year =      {2003},
}
@TechReport{lesk75a,
  key =      "lesk75a",
  author =    "M. E. Lesk and E. Schmidt",
  title =    "Lex --- {A} Lexical Analyzer Generator",
  institution =  "Bell Laboratories",
  year =     "1975",
  number =    "No. 39",
  address =    "Murray Hill, N.J.",
  type =     "Computing Science Technical Report",
}
@TechReport{John75a,
  author =    "S. C. Johnson",
  title =    "Yacc: Yet Another Compiler Compiler",
  institution =  "Bell Laboratories",
  type =     "Computer Science Technical Report",
  number =    "\#32",
  address =    "Murray Hill, NJ",
  year =     "1975",
  keywords =    "misc unix yacc compiler",
}
@Book{levine92,
  author =    "John R. Levine and Tony Mason and Doug Brown",
  title =    "Lex \& Yacc",
  edition =    "2nd",
  publisher =    "O'Reilly",
  address =    "Sebastopol",
  year =     "1992",
  descriptor =    "Compilerbau, LEX, Parser-Generator, YACC",
}
@Manual{donnelly1990,
  author =    "Charles Donnelly and Richard Stallman",
  title =    "{Bison}: the {Yacc-compatible} parser generator",
}
@Book{nicol93,
  author =    "G. T. Nicol",
  title =    "{Flex}: The Lexical Scanner Generator, for {Flex}
         Version 2.3.7",
  publisher =    "FSF",
  pages =    "128 (est.)",
  year =     "1993",
  ISBN =     "1-882114-21-3",
  isbn-13 =    "978-1-882114-21-4",
}
@Misc{Eclipse03a,
  key =      "Eclipse03a",
  title =    "{E}clipse {P}latform: {T}echnical {O}verview",
  note =     "http://www.\-eclipse\-.org/\-white\-papers/\-eclipse-over\-view.pdf",
  year =     "2003",
}
@TechReport{parr2005,
  author =    "Terence John Parr and John Lilley and Scott Stanchfield",
  title =    "{ANTLR 2.75} Reference Manual",
  year =     "2005",
  note =     "Available at: \texttt{http://www.antlr.org/doc/index.html}",
}
@Book{lipschutz:1998,
  author =    "Seymour  Lipschutz",
  year =     "1998",
  title =    "Set Theory and Related Topics",
  publisher =    "McGraw-Hill, New York",
}

@Book{lipschutz:2012,
  author = 	 {Seymour Lipschutz and Marc Lipson},
  title = 	 {Linear Algebra},
  publisher = 	 {McGraw-Hill},
  year = 	 {2012},
  edition = 	 {5th}
}

@Book{schoening87,
  author =    "Uwe Schöning",
  year =     "1987",
  title =    "Logik für Informatiker",
  publisher =    "Springer-Verlag",
}
@Book{schwarz03,
  author =    "Jack Schwarz",
  year =     "2003",
  title =    "Programming in {SETL}",
  note   =      "Available at \\ \texttt{http://www.settheory.com}",
}
@TechReport{snyder90b,
  author =    "W.~Kirk Snyder",
  title =    "The {Setl2} Programming Language: Update on Current Developments",
  year =     "1990",
  institution =  {Courant Institute of Mathematical Sciences, New York University},
  note =     "Available at \\ \texttt{ftp://cs.nyu.edu/pub/languages/setl2/doc/2.2/update.ps}",
}
@Book{sterling86,
  author =    "Leon Sterling and Ehud Shapiro",
  year =     "1986",
  title =    "The Art of Prolog",
  publisher = "MIT Press",
}
@Book{sterling:94,
  title =    "The Art of Prolog - Advanced Programming Techniques,
         2nd Ed",
  author =    "Leon Sterling and Ehud Y. Shapiro",
  publisher =    "MIT Press",
  year =     "1994",
}
@Book{bratko:90,
  title =    "{PROLOG} Programming for Artificial Intelligence",
  author =    "Ivan Bratko",
  publisher =    "Addison-Wesley",
  year =     "1990",
  edition =     "2nd",
  bibdate =    "2002-01-03",
  ISBN =     "0-201-41606-9",
}
@Book{lloyd:87,
  author =    "J. W. Lloyd",
  title =    "Foundations of Logic Programming",
  publisher =    "Springer",
  address =    "Berlin",
  year =     "1987",
}
@Book{deransart:96,
  author =    "P.~Deransart and A.~Ed-Dbali and L.~Cervoni",
  title =    "Prolog: The Standard",
  publisher =    "Springer-Verlag",
  year =     "1996",
}

@article{wielemaker:2012,
  author  = {Wielemaker, Jan and Schrijvers, Tom and Triska, Markus and Lager, Torbj\"o{}rn},
  title   = {{SWI-Prolog}},
  journal = {Theory and Practice of Logic Programming},
  year    = {2012},
  volume  = {12},
  number  = {1-2},
  pages   = {67--96},
  ISSN    = {1471-0684},
}
@Book{lindholm:96,
  author =    "T. Lindholm and F. Yellin",
  title =    "The Java Virtual Machine Specification",
  publisher =    "Addison-Wesley",
  year =     "1996",
  keyword =    "Java",
}
@Book{hoppe:2006,
  author =      {Bernard Hoppe},
  title =      {Verilog},
  publisher =      {Oldenbourg},
  year =      {2006},
}
@Book{nist:2006,
  author =      {NIST},
  title =      {Engineering Statistics},
  publisher =      {National Institute of Standards and Technology},
  year =      {2006},
  note =      {http://www.itl.nist.gov/div898/handbook/index.htm},
}
@inproceedings{liskov:1974,
 author    = {Barbara Liskov and Stephen Zilles},
 title     = {Programming with Abstract Data Types},
 booktitle = {Proceedings of the ACM SIGPLAN Symposium on Very High Level Languages},
 year      = {1974},
 location  = {Santa Monica, California, USA},
 pages     = {50--59},
 numpages  = {10},
 publisher = {ACM},
 address   = {New York, NY, USA},
} 

@article{kahn:1962,
  author  =      {Arthur B.~Kahn},
  title   =      {Topological Sorting of Large Networks},
  journal =      {Communications of the ACM},
  year    =      {1962},
  volume  =      {5},
  number  =      {11},
  pages   =      {558-562}
}

